@misc{minard1869tableaux,
  title={Tableaux graphiques et cartes figuratives de M. Minard, 1845-1869},
  author={Minard, CJ},
  year={1869},
  publisher={Paris: Bibliot{\`e}que de lâ€™{\'e}cole nationale des pontes et chauss{\'e}es}
}


@Misc{leaflet,
title =    {Leaflet: an open-source JavaScript library
for mobile-friendly interactive maps},
howpublished = {\url{http://leafletjs.com/}}
}

@Misc{mapbox,
title =    {Mapbox},
howpublished = {\url{https://www.mapbox.com/}}
}

@article{2011-d3,
  title = {D3: Data-Driven Documents},
  author = {Michael Bostock AND Vadim Ogievetsky AND Jeffrey Heer},
  journal = {IEEE Trans. Visualization \& Comp. Graphics (Proc. InfoVis)},
  year = {2011},
  url = {http://vis.stanford.edu/papers/d3}
}

@article{liu2014effects,
  title={The effects of interactive latency on exploratory visual analysis},
  author={Liu, Zhicheng and Heer, Jeffrey},
  journal={IEEE transactions on visualization and computer graphics},
  volume={20},
  number={12},
  pages={2122--2131},
  year={2014},
  publisher={IEEE}
}


@article{lins2013nanocubes,
  title={Nanocubes for real-time exploration of spatiotemporal datasets},
  author={Lins, Lauro and Klosowski, James T and Scheidegger, Carlos},
  journal={IEEE Transactions on Visualization and Computer Graphics},
  volume={19},
  number={12},
  pages={2456--2465},
  year={2013},
  publisher={IEEE}
}

@article{park2015visualization,
  title={Visualization-aware sampling for very large databases},
  author={Park, Yongjoo and Cafarella, Michael and Mozafari, Barzan},
  journal={arXiv preprint arXiv:1510.03921},
  year={2015}
}

@article{kwac2014household,
  title={Household energy consumption segmentation using hourly data},
  author={Kwac, Jungsuk and Flora, June and Rajagopal, Ram},
  journal={IEEE Transactions on Smart Grid},
  volume={5},
  number={1},
  pages={420--430},
  year={2014},
  publisher={IEEE}
}

@inproceedings{borgeson2015learning,
  title={Learning from Hourly Household Energy Consumption: Extracting, Visualizing and Interpreting Household Smart Meter Data},
  author={Borgeson, Sam and Flora, June A and Kwac, Jungsuk and Tan, Chin-Woo and Rajagopal, Ram},
  booktitle={International Conference of Design, User Experience, and Usability},
  pages={337--345},
  year={2015},
  organization={Springer}
}

@Misc{crossfilter,
title =    {Crossfilter: Fast n-dimensional filtering and grouping of records.},
howpublished = {\url{https://github.com/square/crossfilter}}
}

@inproceedings{hochheiser2001interactive,
  title={Interactive exploration of time series data},
  author={Hochheiser, Harry and Shneiderman, Ben},
  booktitle={International Conference on Discovery Science},
  pages={441--446},
  year={2001},
  organization={Springer}
}

